<record xmlns="http://www.loc.gov/MARC21/slim" xmlns:xsi="http://www.w3.org/2001/XMLSchema-instance" xsi:schemaLocation="http://www.loc.gov/MARC21/slim http://www.loc.gov/standards/marcxml/schema/MARC21slim.xsd">

  <leader>00921nam a2200229   4500</leader>
  <datafield tag="999" ind1=" " ind2=" ">
    <subfield code="c">3370</subfield>
    <subfield code="d">3370</subfield>
  </datafield>
  <controlfield tag="008">170127b2014    CR ||||| |||| 00| | spa d</controlfield>
  <datafield tag="090" ind1=" " ind2=" ">
    <subfield code="a">08.16.01 </subfield>
    <subfield code="b">2145 </subfield>
  </datafield>
  <datafield tag="100" ind1="1" ind2=" ">
    <subfield code="9">149</subfield>
    <subfield code="a">Serrano Mora, Mayra </subfield>
  </datafield>
  <datafield tag="245" ind1="1" ind2="0">
    <subfield code="a">Comunicación e información: el INIE en proyección /</subfield>
    <subfield code="c">Mayra Patricia Serrano Mora, Osvaldo Murillo Aguilar, Wendy Páez Cerdas, Esteban González Pérez, Alejandro Vílchez Barboza</subfield>
  </datafield>
  <datafield ind1=" " tag="260" ind2=" ">
    <subfield code="a">[San José, Costa Rica] :</subfield>
    <subfield code="b"> INIE, </subfield>
    <subfield code="c">2014</subfield>
  </datafield>
  <datafield ind1=" " tag="300" ind2=" ">
    <subfield code="a">26 páginas</subfield>
  </datafield>
  <datafield ind2=" " ind1=" " tag="500">
    <subfield code="a">Informe resultados de proyecto Acción Social ED-3046</subfield>
  </datafield>
  <datafield ind2="0" tag="610" ind1="2">
    <subfield code="9">153</subfield>
    <subfield code="a">INSTITUTO DE INVESTIGACIÓN EN EDUCACIÓN</subfield>
  </datafield>
  <datafield ind2="4" ind1="1" tag="650">
    <subfield code="9">150</subfield>
    <subfield code="a">COMUNICACIÓN</subfield>
  </datafield>
  <datafield tag="650" ind1="1" ind2="4">
    <subfield code="9">151</subfield>
    <subfield code="a">INFORMACIÓN</subfield>
  </datafield>
  <datafield ind2="4" ind1="1" tag="650">
    <subfield code="9">152</subfield>
    <subfield code="a">PROYECTOS DE EDUCACION </subfield>
  </datafield>
  <datafield ind1="1" tag="700" ind2=" ">
    <subfield code="9">155</subfield>
    <subfield code="a">Murillo Aguilar, Osvaldo </subfield>
  </datafield>
  <datafield ind1="1" tag="700" ind2=" ">
    <subfield code="9">154</subfield>
    <subfield code="a"> Páez Cerdas, Wendy</subfield>
  </datafield>
  <datafield tag="700" ind1="1" ind2=" ">
    <subfield code="9">1905</subfield>
    <subfield code="a">González Pérez, Esteban</subfield>
  </datafield>
  <datafield tag="700" ind1="1" ind2=" ">
    <subfield code="9">2337</subfield>
    <subfield code="a">Vílchez Barboza, Alejandro</subfield>
  </datafield>
  <datafield ind2=" " tag="942" ind1=" ">
    <subfield code="2">z</subfield>
    <subfield code="c">04</subfield>
  </datafield>
</record>